% -*-bibliografia.bib-*-
% Este fichero es parte de la plantilla LaTeX para
% la realización de Proyectos Final de Carrera, protejido
% bajo los términos de la licencia GFDL.
% Para más información, la licencia completa viene incluida en el
% fichero fdl-1.3.tex

% Copyright (C) 2009 Pablo Recio Quijano 


@MISC{website:subversion,
AUTHOR = "{Comunidad, y desarrolladores de CollabNet, Elego, VisualSVN, WANdisco}",
title = "{Apache Subversion}",
HOWPUBLISHED = "\url{http://subversion.apache.org/}"
}

@MISC{website:gosu,
AUTHOR = "Julian Raschke y Jan Lücker",
title = "Gosu",
HOWPUBLISHED = "\url{http://www.libgosu.org/}"
}

@MISC{website:sdl,
AUTHOR = "Sam Lantinga",
title = "{libSDL}",
HOWPUBLISHED = "\url{http://www.libsdl.org/}"
}

@MISC{website:wikijuegos,
AUTHOR = " Antonio G. Alba",
title = "Wikijuegos",
HOWpublished = "\url{http://wikis.uca.es/wikijuegos/w/index.php?title=Portada}"
}

@MISC{website:doxygen,
AUTHOR = "{Dimitri Van Heesch}",
title = "{Pagina oficial de Doxygen}",
HOWPUBLISHED = "\url{http://www.doxygen.org}"
}

@MISC{website:example,
AUTHOR = "{Example}",
title = "{Example}",
HOWPUBLISHED = "\url{http://example.net}"
}

@MISC{website:rediris,
AUTHOR = "{RedIRIS}",
title = "{Forja de RedIRIS}",
HOWPUBLISHED = "\url{http://forja.rediris.es}"
}

@MISC{website:unity,
AUTHOR = "{Unity Technologies}",
title = "{Pagina oficial de Unity3D}",
HOWPUBLISHED = "\url{http://unity3d.com/es}"
}

@MISC{website:ag_es,
AUTHOR = "{Wikipedia}",
title = "{Aventura grafica}",
HOWPUBLISHED = "\url{http://es.wikipedia.org/wiki/Aventura_grafica}"
}

@MISC{website:ag_en,
AUTHOR = "{Wikipedia}",
title = "{Graphic adventure game}",
HOWPUBLISHED = "\url{http://en.wikipedia.org/wiki/Graphic_adventure_game}"
}

@MISC{website:seriousgame,
AUTHOR = "{Wikipedia}",
title = "{Serious game}",
HOWPUBLISHED = "\url{http://en.wikipedia.org/wiki/Serious_game}"
}

@MISC{website:edugames,
AUTHOR = "{Wikipedia}",
title = "{Educational video game}",
HOWPUBLISHED = "\url{http://en.wikipedia.org/wiki/Educational_video_game}"
}

@MISC{website:edugames_list,
AUTHOR = "{Wikipedia}",
title = "{List of educational video games}",
HOWPUBLISHED = "\url{http://en.wikipedia.org/wiki/List_of_educational_video_games}"
}

@MISC{website:seriousgame_classification,
AUTHOR = "{Ludoscience}",
title = "{Serious game classification}",
HOWPUBLISHED = "\url{http://serious.gameclassification.com/EN/index.html}"
}

@MISC{website:grimfandango_doc,
AUTHOR = "{Tim Schafer, Peter Tsacle, Eric Ingerson, Bret Mogilefsky, Peter Chan}",
title = "{Grim Fandango Puzzle Document}",
HOWPUBLISHED = "\url{http://www.przygodoskop.pl/021/inne/gf_doc.pdf}"
}

@MISC{website:ailowe_doc,
AUTHOR = "{AI Lowe}",
title = "{AI Lowe's Game Designs}",
HOWPUBLISHED = "\url{http://www.allowe.com/games/game-designs.html}"
}

@MISC{website:resonance_doc,
AUTHOR = "{Vince Twelve}",
title = "{Resonance's Original Design Document}",
HOWPUBLISHED = "\url{http://www.adventuregamestudio.co.uk/forums/index.php?topic=47824.0}"
}

%------------------------------------------
% Enlaces para las aventuras graficas
%------------------------------------------

@MISC{website:cave-adventure,
AUTHOR = "Wikipedia",
title = "{La Aventura Original}",
howpublished = "\url{http://es.wikipedia.org/wiki/La_Aventura_Original}"
}

@MISC{website:mystery-house,
author = "Wikipedia",
title = "{Mystery House}",
howpublished = "\url{http://es.wikipedia.org/wiki/Mystery_House}"
}

@MISC{website:maniac-mansion,
author = "Wikipedia",
title = "{Maniac Mansion}",
howpublished = "\url{http://es.wikipedia.org/wiki/Maniac_Mansion}"
}

@MISC{website:wizard-princess,
author = "Wikipedia",
title = "{Wizard and the Princess}",
howpublished = "\url{http://es.wikipedia.org/wiki/Wizard_and_the_Princess}"
}

@MISC{website:king-quest,
author = "Wikipedia",
title = "{King's Quest}",
howpublished = "\url{http://es.wikipedia.org/wiki/King's_Quest_I:_Quest_for_the_Crown}"
}

@MISC{website:manhunter,
author = "Wikipedia inglesa",
title = "{Manhunter: New York}",
howpublished = "\url{http://en.wikipedia.org/wiki/Manhunter:_New_York}"
}

@MISC{website:shadow-comet,
author = "Wikipedia",
title = "{Shadow of the Comet}",
howpublished = "\url{http://es.wikipedia.org/wiki/Shadow_of_the_Comet}"
}

@MISC{website:sierra-online,
author = "Wikipedia",
title = "{Sierra Online}", 
howpublished = "\url{http://es.wikipedia.org/wiki/Sierra_Online}"
}

@MISC{website:lucasarts,
author = "Wikipedia",
title = "LucasArts", 
howpublished = "\url{http://es.wikipedia.org/wiki/LucasArts}"
}

@MISC{website:policenauts,
author = "Wikipedia",
title = "Policenauts", 
howpublished = "\url{http://es.wikipedia.org/wiki/Policenauts}"
}

@MISC{website:hideo-kojima,
author = "Wikipedia",
title = "{Hideo Kojima}", 
howpublished = "\url{http://es.wikipedia.org/wiki/Hideo_Kojima}"
}

@MISC{website:clock-tower,
author = "Wikipedia",
title = "{Clock Tower}", 
howpublished = "\url{http://es.wikipedia.org/wiki/Clock_Tower:_The_First_Fear}"
}

@MISC{website:human-entertainment,
author = "Wikipedia",
title = "{Human Entertainment}", 
howpublished = "\url{http://es.wikipedia.org/wiki/Human_Entertainment}"
}

@MISC{website:myst,
author = "Wikipedia",
title = "Myst", 
howpublished = "\url{http://es.wikipedia.org/wiki/Myst}"
}

@MISC{website:indiana-jones,
author = "Wikipedia",
title = "{Indiana Jones and the Last Crusade: The Graphic Adventure}", 
howpublished = "\url{http://es.wikipedia.org/wiki/Indiana_Jones_and_the_Last_Crusade:_The_Graphic_Adventure}"
}

@MISC{website:monkey-island,
author = "Wikipedia",
title = "{The Secret of Monkey Island}", 
howpublished = "\url{http://es.wikipedia.org/wiki/The_Secret_of_Monkey_Island}"
}

@MISC{website:day-tentacle,
author = "Wikipedia",
title = "{Day of the Tentacle}", 
howpublished = "\url{http://es.wikipedia.org/wiki/Day_of_the_Tentacle}"
}

@MISC{website:full-throttle,
author = "Wikipedia",
title = "{Full Throttle}", 
howpublished = "\url{http://es.wikipedia.org/wiki/Full_Throttle}"
}

@MISC{website:tim-schafer,
author = "Wikipedia",
title = "{Tim Schafer}", 
howpublished = "\url{http://es.wikipedia.org/wiki/Tim_Schafer}"
}

@MISC{website:space-quest,
author = "{Wikipedia inglesa}",
title = "{Space Quest}", 
howpublished = "\url{http://en.wikipedia.org/wiki/Space_Quest}"
}

@MISC{website:king-quest-saga,
author = "Wikipedia",
title = "King's Quest", 
howpublished = "\url{http://es.wikipedia.org/wiki/King_Quest}"
}

@MISC{website:larry-lizards,
author = "Wikipedia",
title = "{Leisure Suit Larry in the Land of the Lounge Lizards}", 
howpublished = "\url{http://es.wikipedia.org/wiki/Leisure_Suit_Larry_in_the_Land_of_the_Lounge_Lizards}"
}

@MISC{website:broken-sword,
author = "Wikipedia",
title = "{Broken Sword: La leyenda de los templarios}", 
howpublished = "\url{http://es.wikipedia.org/wiki/Broken_Sword:_La_leyenda_de_los_templarios}"
}

@MISC{website:grim-fandango,
author = "Wikipedia",
title = "{Grim Fandango}", 
howpublished = "\url{http://es.wikipedia.org/wiki/Grim_Fandango}"
}

@MISC{website:zack-wiki,
author = "Wikipedia inglesa",
title = "{Zack \& Wiki: Quest for Barbaro's Treasure}", 
howpublished = "\url{http://en.wikipedia.org/wiki/Zack_\&_Wiki:_Quest_for_Barbaros_Treasure}"
}

@MISC{website:hotel-dusk,
author = "Wikipedia",
title = "{Hotel Dusk: Room 215}", 
howpublished = "\url{http://es.wikipedia.org/wiki/Hotel_Dusk:_Room_215}"
}

@MISC{website:wii,
author = "Wikipedia",
title = "Wii", 
howpublished = "\url{http://es.wikipedia.org/wiki/Wii}"
}

@MISC{website:nds,
author = "Wikipedia",
title = "{Nintendo DS}", 
howpublished = "\url{http://es.wikipedia.org/wiki/Nintendo_DS}"
}

@MISC{website:sam-max,
author = "Wikipedia inglesa",
title = "{Sam \& Max: Save the World}", 
howpublished = "\url{http://en.wikipedia.org/wiki/Sam_\&_Max_Save_the_World}"
}

@MISC{website:strong-bad,
author = "Wikipedia",
title = "{Strong Bad's Cool Game for Attractive People}", 
howpublished = "\url{http://en.wikipedia.org/wiki/Strong_Bad's_Cool_Game_for_Attractive_People}"
}

@MISC{website:telltale,
author = "Wikipedia inglesa",
title = "{Telltale Games}", 
howpublished = "\url{http://en.wikipedia.org/wiki/Telltale_Games}"
}

@MISC{website:back-future,
author = "Wikipedia",
title = "{Back to the Future: The Game}", 
howpublished = "\url{http://es.wikipedia.org/wiki/Back_to_the_Future:_The_Game}"
}

@MISC{website:tales-monkey,
author = "Wikipedia",
title = "{Tales of Monkey Island}", 
howpublished = "\url{http://es.wikipedia.org/wiki/Tales_of_Monkey_Island}"
}

@MISC{website:walking-dead,
author = "Wikipedia",
title = "{The Walking Dead}", 
howpublished = "\url{http://es.wikipedia.org/wiki/The_Walking_Dead_(videojuego)}"
}

@MISC{website:machinarium,
author = "Wikipedia",
title = "Machinarium", 
howpublished = "\url{http://es.wikipedia.org/wiki/Machinarium}"
}

@MISC{website:botanicula,
author = "Wikipedia",
title = "Botanicula", 
howpublished = "\url{http://es.wikipedia.org/wiki/Botanicula}"
}

@MISC{website:amanita-design,
author = "Wikipedia",
title = "{Amanita Design}", 
howpublished = "\url{http://es.wikipedia.org/wiki/Amanita_Design}"
}

@MISC{website:dreamfall,
author = "Wikipedia",
title = "{Dreamfall: The Longest Journey}", 
howpublished = "\url{http://es.wikipedia.org/wiki/Dreamfall:_The_Longest_Journey}"
}

@MISC{website:portal,
author = "Wikipedia",
title = "Portal", 
howpublished = "\url{http://es.wikipedia.org/wiki/Portal_(videojuego)}"
}

@MISC{website:heavy-rain,
author = "Wikipedia",
title = "{Heavy Rain}", 
howpublished = "\url{http://es.wikipedia.org/wiki/Heavy_Rain}"
}

@MISC{website:double-fine,
author = "Wikipedia",
title = "{Double Fine Productions}", 
howpublished = "\url{http://es.wikipedia.org/wiki/Double_Fine_Productions}"
}

@MISC{website:kickstarter,
author = "Wikipedia",
title = "Kickstarter", 
howpublished = "\url{http://es.wikipedia.org/wiki/Kickstarter}"
}

@MISC{website:broken-age,
author = "Wikipedia",
title = "{Broken Age}", 
howpublished = "\url{http://es.wikipedia.org/wiki/Broken_Age}"
}

@MISC{website:larry-reloaded,
author = "Wikipedia",
title = "{Leisure Suit Larry: Reloaded}", 
howpublished = "\url{http://en.wikipedia.org/wiki/Leisure_Suit_Larry:_Reloaded}"
}

@MISC{website:crowdfunding,
author = "Wikipedia",
title = "Crowdfunding", 
howpublished = "\url{http://es.wikipedia.org/wiki/Crowdfunding}"
}

@MISC{website:pendulo,
author = "Wikipedia",
title = "{Pendulo Studios}", 
howpublished = "\url{http://es.wikipedia.org/wiki/Pendulo_Studios,_S.L.}"
}

@MISC{website:igor,
author = "Wikipedia",
title = "{Igor: Objetivo Uikokahonia}", 
howpublished = "\url{http://es.wikipedia.org/wiki/Igor:_Objetivo_Uikokahonia}"
}

@MISC{website:hollywood-monsters,
author = "Wikipedia",
title = "{Hollywood Monsters}", 
howpublished = "\url{http://es.wikipedia.org/wiki/Hollywood_Monsters}"
}

@MISC{website:runaway,
author = "Wikipedia",
title = "{Runaway: A Road Adventure}", 
howpublished = "\url{http://es.wikipedia.org/wiki/Runaway:_A_Road_Adventure}"
}

@MISC{website:hollywood-monsters-2,
author = "Wikipedia",
title = "{Hollywood Monsters 2}", 
howpublished = "\url{http://es.wikipedia.org/wiki/Hollywood_Monsters_2}"
}

@MISC{website:new-york,
author = "Wikipedia",
title = "{New York Crimes}", 
howpublished = "\url{http://es.wikipedia.org/wiki/New_york_crimes}"
}

@MISC{website:dead-synchronicity,
author = "Kickstarter",
title = "{Dead Synchronicity}", 
howpublished = "\url{https://www.kickstarter.com/projects/fictiorama/dead-synchronicity-tct-a-dark-point-and-click-adve}"
}

%--------------------------------------------
%Juegos educativos o serios
%--------------------------------------------

@book{ccabt,
    author    = "Clark C. Abt",
    title     = "Serious Gamesn",
    year      = "1970",
    publisher = "University Press of America"
}

@article{mzynda,
    author    = "Myke Zynda",
    title     = "From visual simulation to virtual reality to games",
    journal   = "Computer",
    %volume   = "",
    number   = "38",
    pages    = "25-32",
    year      = "2005",
    month    = "September",
    %note     = "",
}

@conference{rogersmith,
    author    = "Roger Smith",
    title     = "A History of Serious Games",
    booktitle = "I/ITSEC",
    %editor   = "",
    %volume   = "",
    %number   = "",
    %series   = "",
    %pages    = "",
    %address  = "",
    year      = "2009",
    month    = "December",
    %publisher= "",
    %note     = "",
}

@MISC{website:carmen-sandiego,
author = "Wikipedia",
title = "{Carmen Sandiego}", 
howpublished = "\url{http://es.wikipedia.org/wiki/Carmen_Sandiego}"
}

@MISC{website:army-battlezone,
	author = "Wikipedia",
	title = "{Army Battlezone}", 
	howpublished = "\url{http://es.wikipedia.org/wiki/Battlezone}"
}

@MISC{website:eco-quest,
author = "Wikipedia inglesa",
title = "{EcoQuest}", 
howpublished = "\url{http://en.wikipedia.org/wiki/EcoQuest}"
}

@MISC{website:pink-panther,
author = "Wikipedia inglesa",
title = "{The Pink Panther: Passport to Peril}", 
howpublished = "\url{http://en.wikipedia.org/wiki/The_Pink_Panther:_Passport_to_Peril}"
}

@MISC{website:serious-game-initiative,
	author = "Centro Internacional para Académicos Woodrow Wilson",
	title = "{Serious Game Initiative}", 
	howpublished = "\url{http://www.seriousgames.org/}"
}

@MISC{website:games-for-change,
	author = "Asi Burak, Emily Treat, Susana Pollack, Victoria Abrash, Meghan Ventura y Hsing Wei",
	title = "{Games for Change}", 
	howpublished = "\url{http://www.gamesforchange.org/}"
}

@MISC{website:wii-fit,
	title = "{Wii Fit}", 
	howpublished = "\url{http://wiifit.com/es/}"
}